<record><leader>00000cas a2200000 a 4500</leader><controlfield tag="001">26783182</controlfield><controlfield tag="008">921014d18uu1uuucauzr ne      0    0eng c</controlfield><datafield ind1=" " ind2=" " tag="010"><subfield code="a">sn 92069527 </subfield></datafield><datafield ind1=" " ind2=" " tag="040"><subfield code="a">CNK</subfield><subfield code="b">eng</subfield><subfield code="c">CNK</subfield><subfield code="d">OCL</subfield><subfield code="d">CNK</subfield><subfield code="d">OCLCQ</subfield><subfield code="d">OCLCF</subfield><subfield code="d">OCLCO</subfield></datafield><datafield ind1=" " ind2=" " tag="042"><subfield code="a">pcc</subfield></datafield><datafield ind1=" " ind2=" " tag="043"><subfield code="a">n-us-ca</subfield></datafield><datafield ind1="0" ind2="4" tag="245"><subfield code="a">The Pleasanton times.</subfield></datafield><datafield ind1="1" ind2=" " tag="246"><subfield code="i">Published on Sundays as:</subfield><subfield code="a">Sunday times</subfield><subfield code="f">Oct. 30, 1977-&lt;Feb. 28, 1978&gt;</subfield></datafield><datafield ind1=" " ind2=" " tag="260"><subfield code="a">Pleasanton, Calif. :</subfield><subfield code="b">E.B. Thompson</subfield></datafield><datafield ind1=" " ind2=" " tag="300"><subfield code="a">v.</subfield></datafield><datafield ind1=" " ind2=" " tag="310"><subfield code="a">Five times a week,</subfield><subfield code="b">&lt;Jan. 1, 1975-Feb. 28, 1978&gt;</subfield></datafield><datafield ind1=" " ind2=" " tag="321"><subfield code="a">Weekly,</subfield><subfield code="b">&lt;Oct. 18, 1890-Apr. 6, 1945&gt;</subfield></datafield><datafield ind1=" " ind2=" " tag="530"><subfield code="a">Master negatives are available for duplication from:</subfield><subfield code="b">California Newspaper Microfilm Archive;</subfield><subfield code="c">positive copies may be purchased by the reel; for further information consult the CNMA at:</subfield><subfield code="u">http://cbsr.ucr.edu</subfield></datafield><datafield ind1=" " ind2=" " tag="588"><subfield code="a">Description based on: Vol. 9, no. 10 (Oct. 18, 1890).</subfield></datafield><datafield ind1=" " ind2="0" tag="651"><subfield code="a">Alameda County (Calif.)</subfield><subfield code="v">Newspapers.</subfield></datafield><datafield ind1=" " ind2="7" tag="655"><subfield code="a">Newspapers.</subfield><subfield code="2">fast</subfield><subfield code="0">(OCoLC)fst01423814</subfield></datafield><datafield ind1=" " ind2="7" tag="651"><subfield code="a">California</subfield><subfield code="z">Alameda County.</subfield><subfield code="2">fast</subfield><subfield code="0">(OCoLC)fst01205577</subfield></datafield><datafield ind1=" " ind2=" " tag="752"><subfield code="a">United States</subfield><subfield code="b">California</subfield><subfield code="c">Alameda</subfield><subfield code="d">Pleasanton.</subfield></datafield></record>